<?xml version="1.0" encoding="UTF-8"?><collection xmlns="http://www.loc.gov/MARC21/slim"><record><leader>00409nam--2200133-i-4500</leader><controlfield tag="001">000049562</controlfield><controlfield tag="002">20161230</controlfield><controlfield tag="005">20161230201047</controlfield><controlfield tag="008">060222s1000------------r-----000-0-eng-d</controlfield><datafield ind1=" " ind2=" " tag="080"><subfield code="a">530.145:539.12.01</subfield></datafield><datafield ind1=" " ind2=" " tag="100"><subfield code="a">Asanov, G.C., Ponomarenko, C.F</subfield></datafield><datafield ind1=" " ind2=" " tag="245"><subfield code="a">Finslerovo rassloenie nadprostranstvom-vremenem, associruemye kalibrovanie polia i sviaznosti</subfield></datafield><datafield ind1=" " ind2=" " tag="260"><subfield code="a">Kishinev, Shtiinca, 1989, 290s</subfield></datafield><datafield ind1=" " ind2=" " tag="852"><subfield code="a">78742</subfield></datafield></record></collection>